%% Created using Papers on Thu, 09 Jun 2016.
%% http://papersapp.com/papers/

@article{Fletcher:2016eh,
author = {Fletcher, Rebecca A and Callaway, Ragan M and Atwater, Daniel Z},
title = {{An exotic invasive plant selects for increased competitive tolerance, but not competitive suppression, in a native grass}},
journal = {Oecologia},
year = {2016},
pages = {1--7},
month = feb
}

@article{Aschehoug:2015ku,
author = {Aschehoug, Erik T and Callaway, Ragan M},
title = {{Diversity Increases Indirect Interactions, Attenuates the Intensity of Competition, and Promotes Coexistence.}},
journal = {The American naturalist},
year = {2015},
volume = {186},
number = {4},
pages = {452--459},
month = oct
}

@article{Lee:2010dt,
author = {Lee, Henry H and Molla, Michael N and Cantor, Charles R and Collins, James J},
title = {{Bacterial charity work leads to population-wide resistance}},
journal = {Nature},
year = {2010},
volume = {467},
number = {7311},
pages = {82--85},
month = feb
}

@article{Habets:2007fx,
author = {Habets, M G J L and Czaran, T and Hoekstra, R F and de Visser, J A G M},
title = {{Spatial structure inhibits the rate of invasion of beneficial mutations in asexual populations}},
journal = {Proceedings of the Royal Society B: Biological Sciences},
year = {2007},
volume = {274},
number = {1622},
pages = {2139--2143},
month = sep
}

@article{WEIGELT:2007jb,
author = {WEIGELT, ALEXANDRA and SCHUMACHER, JENS and WALTHER, TIM and BARTELHEIMER, MAIK and STEINLEIN, TOM and BEYSCHLAG, WOLFRAM},
title = {{Identifying mechanisms of competition in multi-species communities}},
journal = {Journal of Ecology},
year = {2007},
volume = {95},
number = {1},
pages = {53--64},
month = jan
}

@article{Perkins:2007up,
author = {Perkins, T A and Holmes, W R},
title = {{Multi?species interactions in competitive hierarchies: New methods and empirical test}},
journal = {Journal of Vegetation {\ldots}},
year = {2007}
}

@article{Ridenour:2001ds,
author = {Ridenour, Wendy M and Callaway, Ragan M},
title = {{The relative importance of allelopathy in interference: the effects of an invasive weed on a native bunchgrass}},
journal = {Oecologia},
year = {2001},
volume = {126},
number = {3},
pages = {444--450},
month = feb
}

@article{Callaway:2000vb,
author = {Callaway, R M and Pennings, S C},
title = {{Facilitation may buffer competitive effects: indirect and diffuse interactions among salt marsh plants}},
journal = {The American naturalist},
year = {2000}
}

@article{Levine:1999wk,
author = {Levine, J M},
title = {{Indirect facilitation: evidence and predictions from a riparian community}},
journal = {Ecology},
year = {1999}
}

@article{Callaway:1997ui,
author = {Callaway, R M and Walker, L R},
title = {{Competition and facilitation: a synthetic approach to interactions in plant communities}},
journal = {Ecology},
year = {1997}
}

@article{Miller:1996ww,
author = {Miller, T E and Travis, J},
title = {{The evolutionary role of indirect effects in communities}},
journal = {Ecology},
year = {1996}
}

@article{Miller:1994wt,
author = {Miller, T E},
title = {{Direct and indirect species interactions in an early old-field plant community}},
journal = {American Naturalist},
year = {1994}
}

@article{Stone:1991ww,
author = {Stone, L and Roberts, A},
title = {{Conditions for a species to gain advantage from the presence of competitors}},
journal = {Ecology},
year = {1991}
}

@article{Yodzis:1988ud,
author = {Yodzis, P},
title = {{The indeterminacy of ecological interactions as perceived through perturbation experiments}},
journal = {Ecology},
year = {1988}
}

@article{Pickett:1980ws,
author = {Pickett, STA},
title = {{Non-equilibrium coexistence of plants}},
journal = {Bulletin of the Torrey Botanical Club},
year = {1980}
}

@article{Lawlor:1979uu,
author = {Lawlor, L R},
title = {{Direct and indirect effects of n-species competition}},
journal = {Oecologia},
year = {1979}
}

@article{Levine:1976va,
author = {Levine, S H},
title = {{Competitive interactions in ecosystems}},
journal = {American Naturalist},
year = {1976}
}

@article{Vandermeer:1975vh,
author = {Vandermeer, J H},
title = {{Interspecific competition: a new approach to the classical theory.}},
journal = {Science (New York, NY)},
year = {1975},
volume = {188},
number = {4185},
pages = {253--255},
month = apr
}

@article{Case:1974vm,
author = {Case, T J and Gilpin, M E},
title = {{Interference competition and niche theory.}},
journal = {Proceedings of the National Academy of Sciences of the United States of America},
year = {1974},
volume = {71},
number = {8},
pages = {3073--3077},
month = aug
}

@article{Pianka:1974wo,
author = {Pianka, E R},
title = {{Niche overlap and diffuse competition.}},
journal = {Proceedings of the National Academy of Sciences of the United States of America},
year = {1974},
volume = {71},
number = {5},
pages = {2141--2145},
month = may
}

